<?xml version="1.0" encoding="UTF-8"?><collection xmlns="http://www.loc.gov/MARC21/slim"><record><leader>00397nam--2200157-i-4500</leader><controlfield tag="001">000034029</controlfield><controlfield tag="002">20161230</controlfield><controlfield tag="005">20170113150211</controlfield><controlfield tag="008">060222s1000------------r-----000-0-eng-d</controlfield><datafield ind1=" " ind2=" " tag="100"><subfield code="a">Moses, L. E</subfield></datafield><datafield ind1=" " ind2=" " tag="245"><subfield code="a">Tables of random permutations</subfield></datafield><datafield ind1=" " ind2=" " tag="260"><subfield code="a">London</subfield><subfield code="b">George Allen &amp; Unwin Ltd</subfield><subfield code="c">1963</subfield></datafield><datafield ind1=" " ind2=" " tag="300"><subfield code="a">233 p</subfield></datafield><datafield ind1=" " ind2=" " tag="700"><subfield code="a">Oakford, R. V</subfield></datafield><datafield ind1=" " ind2=" " tag="852"><subfield code="a">18835</subfield><subfield code="c">518.2</subfield></datafield><datafield ind1=" " ind2=" " tag="CAT"><subfield code="a">SYS</subfield><subfield code="c">20170113</subfield><subfield code="h">150211</subfield></datafield></record></collection>